@article{Galli1,
  author  = "G. Galli and M. Parrinello",
  journal = "Computer Simulation in Materials Science",
  year    = "(1991)",
  volume  = "3",
  pages   = "283"
}

@article{Payne1,
  author  = "M.C. Payne and M. Teter and D.C. Allan and T.A. Aria and J.D. Joannopolous",
  title   = "Iterative minimization techniques for ab initio total energy calculations : molecular dynamics and conjugate gradients",
  journal = "Rev. Mod. Phys.",
  year    = "(1992)",
  volume  = "64",
  pages   = "1045"
}

@Article{cpaimd,
  author  = "R. Car and M. Parrinello",
  title   = "Unified Approach for Molecular Dynamics and Density-Functional Theory",
  journal = "Phys. Rev. Lett.",
  year    = "(1985)",
  volume  = "55",
  pages   = "2471-2474"
}

@article{EESNL,
  author = "H.S. Lee and M.E. Tuckerman and G.J. Martyna",
  title = "Efficient evaluation of nonlocal pseudopotentials via Euler exponential spline interpolation",
  journal= "Chem. Phys. Chem.",
  volume = "6",
  pages  = "1827",
  year   = "(2005)"
}

@Article{CPAIMD-JCC-2005,
  author =               {Ramkumar V. Vadali and Yan Shi and Sameer Kumar and  L. V. Kale and Mark E. Tuckerman and Glenn J. Martyna},
  title =                {Scalable fine-grained parallelization of plane-wave-based ab initio molecular dynamics for large supercomputers},
  journal= {Journal of Comptational Chemistry},
  publisher = {Wiley Periodicals Inc},
  pages={2006-2022},
  volume = 25,
  number= 16,
  month= "Oct.",
  year = {2004},
}

@Article{LeanCPIBM07,
  author    = {Eric Bohm and Glenn J. Martyna and Abhinav Bhatele and Sameer Kumar and Laxmikant V. Kale and John A. Gunnels and Mark E. Tuckerman},
  title     = "{Fine Grained Parallelization of the Car-Parrinello ab initio MD Method on Blue Gene/L}",
  year      = {2007},
  volume    = 52,
  number    = {1/2},
  JOURNAL = {IBM Journal of Research and Development: Applications of
Massively Parallel Systems (to appear)},
}

@article{mark,
  author  = "M. E. Tuckerman",
  title   = "Ab initio molecular dynamics:  Basic concepts, current trends and novel applications",
  journal = "J. Phys. Condensed Matter",
  year    = "2002",
  volume  = "14",
  pages   = "R1297"
}

